@article{Paszke2017ENetAD,
  title={ENet: A Deep Neural Network Architecture for Real-Time Semantic Segmentation},
  author={Adam Paszke and Abhishek Chaurasia and Sangpil Kim and Eugenio Culurciello},
  journal={CoRR},
  year={2017},
  volume={abs/1606.02147}
}
@inproceedings{he2015delving,
  title={Delving deep into rectifiers: Surpassing human-level performance on imagenet classification},
  author={He, Kaiming and Zhang, Xiangyu and Ren, Shaoqing and Sun, Jian},
  booktitle={Proceedings of the IEEE international conference on computer vision},
  pages={1026--1034},
  year={2015}
}
@article{ioffe2015batch,
  title={Batch normalization: Accelerating deep network training by reducing internal covariate shift},
  author={Ioffe, Sergey and Szegedy, Christian},
  journal={arXiv preprint arXiv:1502.03167},
  year={2015}
}
@inproceedings{tompson2015efficient,
  title={Efficient object localization using convolutional networks},
  author={Tompson, Jonathan and Goroshin, Ross and Jain, Arjun and LeCun, Yann and Bregler, Christoph},
  booktitle={Proceedings of the IEEE Conference on Computer Vision and Pattern Recognition},
  pages={648--656},
  year={2015}
}
@article{pan2010survey,
  title={A survey on transfer learning},
  author={Pan, Sinno Jialin and Yang, Qiang},
  journal={IEEE Transactions on knowledge and data engineering},
  volume={22},
  number={10},
  pages={1345--1359},
  year={2010},
  publisher={IEEE}
}
@inproceedings{Cordts2016Cityscapes,
title={The Cityscapes Dataset for Semantic Urban Scene Understanding},
author={Cordts, Marius and Omran, Mohamed and Ramos, Sebastian and Rehfeld, Timo and Enzweiler, Markus and Benenson, Rodrigo and Franke, Uwe and Roth, Stefan and Schiele, Bernt},
booktitle={Proc. of the IEEE Conference on Computer Vision and Pattern Recognition (CVPR)},
year={2016}
}
@inproceedings{airsim2017fsr,
  author = {Shital Shah and Debadeepta Dey and Chris Lovett and Ashish Kapoor},
  title = {AirSim: High-Fidelity Visual and Physical Simulation for Autonomous Vehicles},
  year = {2017},
  booktitle = {Field and Service Robotics},
  eprint = {arXiv:1705.05065},
  url = {https://arxiv.org/abs/1705.05065}
}
manual={Unreal,
  author = {Epic Games, Inc},
  title = {Unreal Engine},
  year = 2019
  url = {https://www.unrealengine.com},
  urldate = {2019-03-06}
}
@article{bourke2009idome,
  title={iDome: Immersive gaming with the Unity3D game engine},
  author={Bourke, Paul},
  journal={CGAT09 Computer Games, Multimedia and Allied Technology},
  volume={9},
  pages={265--272},
  year={2009}
}
@inproceedings{7471935, 
author={A. {Eichenseer} and A. {Kaup}}, 
booktitle={2016 IEEE International Conference on Acoustics, Speech and Signal Processing (ICASSP)}, 
title={A data set providing synthetic and real-world fisheye video sequences}, 
year={2016}, 
volume={}, 
number={}, 
pages={1541-1545}, 
keywords={image sequences;video surveillance;video surveillance;real-world fish eye video sequences;fisheye image data;Cameras;Video sequences;Lenses;Calibration;Motion estimation;Automotive applications;Signal processing algorithms;Data Set;Fisheye Video Sequences;Test Images;Synthetic Sequences;Sensor Data}, 
doi={10.1109/ICASSP.2016.7471935}, 
ISSN={2379-190X}, 
month={March},}
}
@article{janai2017computer,
  title={Computer vision for autonomous vehicles: Problems, datasets and state-of-the-art},
  author={Janai, Joel and G{\"u}ney, Fatma and Behl, Aseem and Geiger, Andreas},
  journal={arXiv preprint arXiv:1704.05519},
  year={2017}
}
@article{wang2014automatic,
  title={Automatic parking based on a bird's eye view vision system},
  author={Wang, Chunxiang and Zhang, Hengrun and Yang, Ming and Wang, Xudong and Ye, Lei and Guo, Chunzhao},
  journal={Advances in Mechanical Engineering},
  volume={6},
  pages={847406},
  year={2014},
  publisher={SAGE Publications Sage UK: London, England}
}
@inproceedings{liu2008bird,
  title={Bird's-eye view vision system for vehicle surrounding monitoring},
  author={Liu, Yu-Chih and Lin, Kai-Ying and Chen, Yong-Sheng},
  booktitle={International Workshop on Robot Vision},
  pages={207--218},
  year={2008},
  organization={Springer}
}
@inproceedings{haltakov2012scene,
  title={Scene understanding from a moving camera for object detection and free space estimation},
  author={Haltakov, Vladimir and Belzner, Heidrun and Ilic, Slobodan},
  booktitle={2012 IEEE Intelligent Vehicles Symposium},
  pages={105--110},
  year={2012},
  organization={IEEE}
}
@online{unity3d,
  author = {Unity Technologies},
  title = {Unity Editor},
  year = 2019,
  url = {https://unity3d.com/},
  urldate = {2019-03-11}
}
@inproceedings{bearman2016s,
  title={What's the point: Semantic segmentation with point supervision},
  author={Bearman, Amy and Russakovsky, Olga and Ferrari, Vittorio and Fei-Fei, Li},
  booktitle={European conference on computer vision},
  pages={549--565},
  year={2016},
  organization={Springer}
}
@inproceedings{badino2009stixel,
  title={The stixel world-a compact medium level representation of the 3d-world},
  author={Badino, Hern{\'a}n and Franke, Uwe and Pfeiffer, David},
  booktitle={Joint Pattern Recognition Symposium},
  pages={51--60},
  year={2009},
  organization={Springer}
}
@inproceedings{alvarez2012road,
  title={Road scene segmentation from a single image},
  author={Alvarez, Jose M and Gevers, Theo and LeCun, Yann and Lopez, Antonio M},
  booktitle={European Conference on Computer Vision},
  pages={376--389},
  year={2012},
  organization={Springer}
}
@inproceedings{hane2015obstacle,
  title={Obstacle detection for self-driving cars using only monocular cameras and wheel odometry},
  author={H{\"a}ne, Christian and Sattler, Torsten and Pollefeys, Marc},
  booktitle={2015 IEEE/RSJ International Conference on Intelligent Robots and Systems (IROS)},
  pages={5101--5108},
  year={2015},
  organization={IEEE}
}
@article{brust2015convolutional,
  title={Convolutional patch networks with spatial prior for road detection and urban scene understanding},
  author={Brust, Clemens-Alexander and Sickert, Sven and Simon, Marcel and Rodner, Erik and Denzler, Joachim},
  journal={arXiv preprint arXiv:1502.06344},
  year={2015}
}
@article{sanberg2017free,
  title={Free-space detection with self-supervised and online trained fully convolutional networks},
  author={Sanberg, Willem P and Dubbleman, Gijs and others},
  journal={Electronic Imaging},
  volume={2017},
  number={19},
  pages={54--61},
  year={2017},
  publisher={Society for Imaging Science and Technology}
}
@inproceedings{hanisch2017free,
  title={Free-space detection with fish-eye cameras},
  author={H{\"a}nisch, Simon and Evangelio, Rub{\'e}n Heras and Tadjine, Hadj Hamma and P{\"a}tzold, Michael},
  booktitle={2017 IEEE Intelligent Vehicles Symposium (IV)},
  pages={135--140},
  year={2017},
  organization={IEEE}
}
@inproceedings{deng2017cnn,
  title={CNN based semantic segmentation for urban traffic scenes using fisheye camera},
  author={Deng, Liuyuan and Yang, Ming and Qian, Yeqiang and Wang, Chunxiang and Wang, Bing},
  booktitle={2017 IEEE Intelligent Vehicles Symposium (IV)},
  pages={231--236},
  year={2017},
  organization={IEEE}
}
@inproceedings{tsutsui2018minimizing,
  title={Minimizing Supervision for Free-space Segmentation},
  author={Tsutsui, Satoshi and Kerola, Tommi and Saito, Shunta and Crandall, David J},
  booktitle={Proceedings of the IEEE Conference on Computer Vision and Pattern Recognition Workshops},
  pages={988--997},
  year={2018}
}
@inproceedings{saez2018cnn,
  title={Cnn-based fisheye image real-time semantic segmentation},
  author={S{\'a}ez, Alvaro and Bergasa, Luis M and Romeral, Eduardo and L{\'o}pez, Elena and Barea, Rafael and Sanz, Rafael},
  booktitle={2018 IEEE Intelligent Vehicles Symposium (IV)},
  pages={1039--1044},
  year={2018},
  organization={IEEE}
}
@article{deng2018restricted,
  title={Restricted deformable convolution based road scene semantic segmentation using surround view cameras},
  author={Deng, Liuyuan and Yang, Ming and Li, Hao and Li, Tianyi and Hu, Bing and Wang, Chunxiang},
  journal={arXiv preprint arXiv:1801.00708},
  year={2018}
}
@inproceedings{ronneberger2015u,
  title={U-net: Convolutional networks for biomedical image segmentation},
  author={Ronneberger, Olaf and Fischer, Philipp and Brox, Thomas},
  booktitle={International Conference on Medical image computing and computer-assisted intervention},
  pages={234--241},
  year={2015},
  organization={Springer}
}
@inproceedings{shotton2008semantic,
  title={Semantic texton forests for image categorization and segmentation},
  author={Shotton, Jamie and Johnson, Matthew and Cipolla, Roberto},
  booktitle={2008 IEEE Conference on Computer Vision and Pattern Recognition},
  pages={1--8},
  year={2008},
  organization={IEEE}
}
@inproceedings{ciresan2012deep,
  title={Deep neural networks segment neuronal membranes in electron microscopy images},
  author={Ciresan, Dan and Giusti, Alessandro and Gambardella, Luca M and Schmidhuber, J{\"u}rgen},
  booktitle={Advances in neural information processing systems},
  pages={2843--2851},
  year={2012}
}
@inproceedings{long2015fully,
  title={Fully convolutional networks for semantic segmentation},
  author={Long, Jonathan and Shelhamer, Evan and Darrell, Trevor},
  booktitle={Proceedings of the IEEE conference on computer vision and pattern recognition},
  pages={3431--3440},
  year={2015}
}
@article{yu2015multi,
  title={Multi-scale context aggregation by dilated convolutions},
  author={Yu, Fisher and Koltun, Vladlen},
  journal={arXiv preprint arXiv:1511.07122},
  year={2015}
}
@book{awad2015efficient,
  title={Efficient learning machines: theories, concepts, and applications for engineers and system designers},
  author={Awad, Mariette and Khanna, Rahul},
  year={2015},
  publisher={Apress}
}
@article{Krizhevsky2012ImageNetCW,
  title={ImageNet Classification with Deep Convolutional Neural Networks},
  author={Alex Krizhevsky and Ilya Sutskever and Geoffrey E. Hinton},
  journal={Commun. ACM},
  year={2012},
  volume={60},
  pages={84-90}
}
@article{lecun1989backpropagation,
  title={Backpropagation applied to handwritten zip code recognition},
  author={LeCun, Yann and Boser, Bernhard and Denker, John S and Henderson, Donnie and Howard, Richard E and Hubbard, Wayne and Jackel, Lawrence D},
  journal={Neural computation},
  volume={1},
  number={4},
  pages={541--551},
  year={1989},
  publisher={MIT Press}
}
@article{khan2019survey,
  title={A Survey of the Recent Architectures of Deep Convolutional Neural Networks},
  author={Khan, Asifullah and Sohail, Anabia and Zahoora, Umme and Qureshi, Aqsa Saeed},
  journal={arXiv preprint arXiv:1901.06032},
  year={2019}
}
@inproceedings{ren2015faster,
  title={Faster r-cnn: Towards real-time object detection with region proposal networks},
  author={Ren, Shaoqing and He, Kaiming and Girshick, Ross and Sun, Jian},
  booktitle={Advances in neural information processing systems},
  pages={91--99},
  year={2015}
}
@article{lecun2015deep,
  title={Deep learning},
  author={LeCun, Yann and Bengio, Yoshua and Hinton, Geoffrey},
  journal={nature},
  volume={521},
  number={7553},
  pages={436},
  year={2015},
  publisher={Nature Publishing Group}
}
@article{csaji2001approximation,
  title={Approximation with artificial neural networks},
  author={Cs{\'a}ji, Bal{\'a}zs Csan{\'a}d},
  publisher={Citeseer}
}
@article{Deng2013RecentAI,
  title={Recent advances in deep learning for speech research at Microsoft},
  author={Li Deng and Jinyu Li and Jui-Ting Huang and Kaisheng Yao and Dong Yu and Frank Seide and Michael L. Seltzer and Geoffrey Zweig and Xiaodong He and Jason D. Williams and Yifan Gong and Alex Acero},
  journal={2013 IEEE International Conference on Acoustics, Speech and Signal Processing},
  year={2013},
  pages={8604-8608}
}
@article{sze2017efficient,
  title={Efficient processing of deep neural networks: A tutorial and survey},
  author={Sze, Vivienne and Chen, Yu-Hsin and Yang, Tien-Ju and Emer, Joel S},
  journal={Proceedings of the IEEE},
  volume={105},
  number={12},
  pages={2295--2329},
  year={2017},
  publisher={Ieee}
}
@article{kingma2014adam,
  title={Adam: A method for stochastic optimization},
  author={Kingma, Diederik P and Ba, Jimmy},
  journal={arXiv preprint arXiv:1412.6980},
  year={2014}
}
@inproceedings{glorot2010understanding,
  title={Understanding the difficulty of training deep feedforward neural networks},
  author={Glorot, Xavier and Bengio, Yoshua},
  booktitle={Proceedings of the thirteenth international conference on artificial intelligence and statistics},
  pages={249--256},
  year={2010}
}
@article{zhu2016beyond,
  title={Beyond pixels: A comprehensive survey from bottom-up to semantic image segmentation and cosegmentation},
  author={Zhu, Hongyuan and Meng, Fanman and Cai, Jianfei and Lu, Shijian},
  journal={Journal of Visual Communication and Image Representation},
  volume={34},
  pages={12--27},
  year={2016},
  publisher={Elsevier}
}
@article{zhao2017survey,
  title={A survey on deep learning-based fine-grained object classification and semantic segmentation},
  author={Zhao, Bo and Feng, Jiashi and Wu, Xiao and Yan, Shuicheng},
  journal={International Journal of Automation and Computing},
  volume={14},
  number={2},
  pages={119--135},
  year={2017},
  publisher={Springer}
}